<?xml version="1.0" encoding="UTF-8"?><collection xmlns="http://www.loc.gov/MARC21/slim"><record><leader>00465nam--2200181-i-4500</leader><controlfield tag="001">000021317</controlfield><controlfield tag="002">20161230</controlfield><controlfield tag="005">20161230201034</controlfield><controlfield tag="008">060222s1000------------r-----000-0-eng-d</controlfield><datafield ind1=" " ind2=" " tag="040"><subfield code="a">IFIN-HH</subfield></datafield><datafield ind1=" " ind2=" " tag="080"><subfield code="a">539.1</subfield></datafield><datafield ind1="1" ind2=" " tag="100"><subfield code="a">Halliday, David</subfield></datafield><datafield ind1="1" ind2="0" tag="245"><subfield code="a">Introductory nuclear physics</subfield><subfield code="c">David halliday</subfield></datafield><datafield ind1=" " ind2=" " tag="250"><subfield code="a">Second Edition</subfield></datafield><datafield ind1=" " ind2=" " tag="260"><subfield code="a">New York</subfield><subfield code="b">John Wiley &amp; Sons, Inc</subfield><subfield code="c">1955</subfield></datafield><datafield ind1=" " ind2=" " tag="300"><subfield code="a">IX +493 P</subfield></datafield><datafield ind1=" " ind2=" " tag="852"><subfield code="a">11093</subfield><subfield code="c">539</subfield></datafield><datafield ind1=" " ind2=" " tag="CAT"><subfield code="a">Sys</subfield><subfield code="c">20110923</subfield><subfield code="h">092403</subfield></datafield></record></collection>